<record><leader>00000cas a22000007a 4500</leader><controlfield tag="001">14914097</controlfield><controlfield tag="008">861202d18771878wiuwr ne      0    0eng d</controlfield><datafield ind1=" " ind2=" " tag="010"><subfield code="a">sn 86086816 </subfield></datafield><datafield ind1=" " ind2=" " tag="040"><subfield code="a">NPV</subfield><subfield code="b">eng</subfield><subfield code="c">NPV</subfield><subfield code="d">NPX</subfield><subfield code="d">OCLCQ</subfield></datafield><datafield ind1=" " ind2=" " tag="042"><subfield code="a">msc</subfield></datafield><datafield ind1="0" ind2="0" tag="245"><subfield code="a">Taylor County star and Taylor County news.</subfield></datafield><datafield ind1="1" ind2="3" tag="246"><subfield code="a">Star and news</subfield></datafield><datafield ind1="3" ind2="0" tag="246"><subfield code="a">Taylor County star and news</subfield></datafield><datafield ind1=" " ind2=" " tag="260"><subfield code="a">Medford, Wis. :</subfield><subfield code="b">Singleton Hubbell,</subfield><subfield code="c">-1878.</subfield></datafield><datafield ind1=" " ind2=" " tag="300"><subfield code="a">v.</subfield></datafield><datafield ind1=" " ind2=" " tag="310"><subfield code="a">Weekly</subfield></datafield><datafield ind1="1" ind2=" " tag="362"><subfield code="a">Began with Dec. 1, 1877 issue?</subfield></datafield><datafield ind1="0" ind2=" " tag="362"><subfield code="a">-Aug. 10, 1878.</subfield></datafield><datafield ind1=" " ind2=" " tag="515"><subfield code="a">Issues from &lt;Feb. 16, 1878&gt;-Aug. 10, 1878 have dual numbering systems; Star: Vol. 2, no. 48-v. 4, no. 21; News: v. 3, no. 39-v. 4, no. 21.</subfield></datafield><datafield ind1=" " ind2=" " tag="525"><subfield code="a">Supplements accompany some issues.</subfield></datafield><datafield ind1=" " ind2=" " tag="588"><subfield code="a">Description based on: Feb. 16, 1878.</subfield></datafield><datafield ind1=" " ind2=" " tag="752"><subfield code="a">United States</subfield><subfield code="b">Wisconsin</subfield><subfield code="c">Taylor</subfield><subfield code="d">Medford.</subfield></datafield><datafield ind1="0" ind2="4" tag="780"><subfield code="t">Taylor County star (Medford, Wis.)</subfield><subfield code="w">(DLC)sn 87052247</subfield></datafield><datafield ind1="0" ind2="4" tag="780"><subfield code="t">Medford news</subfield></datafield><datafield ind1="0" ind2="0" tag="785"><subfield code="t">Taylor County star and news</subfield><subfield code="w">(DLC)sn 86072071</subfield></datafield></record>